@misc{dormehl_edelstein_2018, title={{10 Major Milestones in the History of Self-Driving Cars}}, url={https://www.digitaltrends.com/cars/history-of-self-driving-cars-milestones/}, journal={Digital Trends}, publisher={Digital Trends}, author={Dormehl, Luke and Edelstein, Stephen}, year={2018}, month={Oct}}

@misc{gisgeography_2018, title={{A Complete Guide to LiDAR: Light Detection and Ranging}}, url={https://gisgeography.com/lidar-light-detection-and-ranging/}, journal={GIS Geography}, author={GISGeography}, year={2018}, month={Feb}}

@misc{schauer_2017, title={{Robotic 3D Scan Repository}}, url={http://kos.informatik.uni-osnabrueck.de/3Dscans/}, journal={Robotic 3D Scan Repository}, publisher={University of WÃ¼rzburg}, author={Schauer, Johannes}, year={2017}, month={Sep}}